@ONLINE {objectifNux,
    author = "{Objectif Nux}",
    title  = "App Inventor : Première application - Orientation du smartphone",
    year   = "2012",
    month  = "april",
    url    = "http://objnux.1s.fr/index.php?post/2012/04/29/App-Inventor-%3A-Premier-programme",
	note   = "Accessed: 20.04.17"
} 